@article{ferguson2019assessing,
  title={Assessing adaptive mesh refinement (AMR) in a forced shallow-water model with moisture},
  author={Ferguson, Jared O and Jablonowski, Christiane and Johansen, Hans},
  journal={Monthly Weather Review},
  volume={147},
  number={10},
  pages={3673--3692},
  year={2019}
}

@article{ullrich2012dynamical,
  title={Dynamical core model intercomparison project (DCMIP) test case document},
  author={Ullrich, Paul Aaron and Jablonowski, Christiane and Kent, James and Lauritzen, Peter Hjort and Nair, Ramachandran D and Taylor, Mark A},
  journal={DCMIP Summer School},
  volume={83},
  year={2012}
}

@article{cotter2022compatible,
  title={A compatible finite element discretisation for the nonhydrostatic vertical slice equations},
  author={Cotter, CJ and Shipton, J},
  journal={International Journal on Geomathematics},
  year={2023},
  volume={14},
  number={5}
}

@article{galewsky2004initial,
  title={An initial-value problem for testing numerical models of the global shallow-water equations},
  author={Galewsky, Joseph and Scott, Richard K and Polvani, Lorenzo M},
  journal={Tellus A: Dynamic Meteorology and Oceanography},
  volume={56},
  number={5},
  pages={429--440},
  year={2004},
  publisher={Taylor \& Francis}
}

@article{schreiber2018beyond,
  title={Beyond spatial scalability limitations with a massively parallel method for linear oscillatory problems},
  author={Schreiber, Martin and Peixoto, Pedro S and Haut, Terry and Wingate, Beth},
  journal={The International Journal of High Performance Computing Applications},
  volume={32},
  number={6},
  pages={913--933},
  year={2018},
  publisher={SAGE Publications Sage UK: London, England}
}

@article{schreiber2019exponential,
  title={Exponential integrators with parallel-in-time rational approximations for the shallow-water equations on the rotating sphere},
  author={Schreiber, Martin and Schaeffer, Nathana{\"e}l and Loft, Richard},
  journal={Parallel Computing},
  volume={85},
  pages={56--65},
  year={2019},
  publisher={Elsevier}
}

@article{schreiber2019parallel,
  title={A parallel time integrator for solving the linearized shallow water equations on the rotating sphere},
  author={Schreiber, Martin and Loft, Richard},
  journal={Numerical Linear Algebra with Applications},
  volume={26},
  number={2},
  pages={e2220},
  year={2019},
  publisher={Wiley Online Library}
}

@article{weller2012computational,
  title={Computational modes and grid imprinting on five quasi-uniform spherical C grids},
  author={Weller, Hilary and Thuburn, John and Cotter, Colin J},
  journal={Monthly weather review},
  volume={140},
  number={8},
  pages={2734--2755},
  year={2012}
}

@article{williamson1992standard,
  title={A standard test set for numerical approximations to the shallow water equations in spherical geometry},
  author={Williamson, David L and Drake, John B and Hack, James J and Jakob, R{\"u}diger and Swarztrauber, Paul N},
  journal={Journal of Computational Physics},
  volume={102},
  number={1},
  pages={211--224},
  year={1992},
  publisher={Elsevier}
}

@article{wakatani1984collisional,
  title={A collisional drift wave description of plasma edge turbulence},
  author={Wakatani, Masahiro and Hasegawa, Akira},
  journal={The Physics of fluids},
  volume={27},
  number={3},
  pages={611--618},
  year={1984},
  publisher={American Institute of Physics}
}